@misc{web:pftaylorcuhk,
  author       = {Department of MAthematics, The Chinese University of Hong Kong},
  howpublished = {Web},
  title        = {Proof of Taylor's Theorem},
  year         = {}
}